@article{Park:1991:UAU:110084.110093,
	author = {Park, J. and Sandberg, I. W.},
	title = {Universal Approximation Using Radial-basis-function Networks},
	journal = {Neural Comput.},
	issue_date = {June 1991},
	volume = {3},
	number = {2},
	month = jun,
	year = {1991},
	issn = {0899-7667},
	pages = {246--257},
	numpages = {12},
	url = {http://dx.doi.org/10.1162/neco.1991.3.2.246},
	doi = {10.1162/neco.1991.3.2.246},
	acmid = {110093},
	publisher = {MIT Press},
	address = {Cambridge, MA, USA},
}

@article{wu2012using,
	title={Using radial basis function networks for function approximation and classification},
	author={Wu, Yue and Wang, Hui and Zhang, Biaobiao and Du, K-L},
	journal={ISRN Applied Mathematics},
	volume={2012},
	year={2012},
	publisher={Hindawi Publishing Corporation}
}

@book{daredes,
	title={REDES NEURAIS ARTIFICIAIS PARA ENGENHARIA E: CIENCIAS APLICADAS - CURSO PRATICO},
	author={DA SILVA, I.N. and SPATTI, D.H. and FLAUZINO, R.A.},
	isbn={9788588098534},
	url={https://books.google.com.br/books?id=w2VHbwAACAAJ},
	publisher={ARTLIBER}
}

@misc{orr1996introduction,
	title={Introduction to radial basis function networks},
	author={Orr, Mark JL and others},
	year={1996},
	publisher={Technical Report, Center for Cognitive Science, University of Edinburgh}
}